% !TeX spellcheck = en_GB
@book {CourseInArithmetic,
    AUTHOR = {Serre, J.-P.},
     TITLE = {A course in arithmetic},
      NOTE = {Translated from the French,
              Graduate Texts in Mathematics, No. 7},
 PUBLISHER = {Springer-Verlag, New York-Heidelberg},
      YEAR = {1973},
     PAGES = {viii+115},
   MRCLASS = {12-02 (10CXX 10DXX)},
  MRNUMBER = {0344216},
}

@article {kolberg,
    AUTHOR = {Kolberg, O.},
     TITLE = {Congruences for {R}amanujan's function {$\tau (n)$}},
   JOURNAL = {Arbok Univ. Bergen Mat.-Natur. Ser.},
  FJOURNAL = {\.{A}rbok for Universitetet i Bergen.
              Matematisk-Naturvidenskapelig Serie},
    VOLUME = {1962},
      YEAR = {1962},
    NUMBER = {11},
      ISSN = {0522-9189},
   MRCLASS = {10.20 (10.43)},
  MRNUMBER = {0158873},
MRREVIEWER = {J. Lehner},
}


@book {ClassicalIntroModernNumberTheory,
    AUTHOR = {Ireland, Kenneth and Rosen, Michael},
     TITLE = {A classical introduction to modern number theory},
    SERIES = {Graduate Texts in Mathematics},
    VOLUME = {84},
   EDITION = {Second},
 PUBLISHER = {Springer-Verlag, New York},
      YEAR = {1990},
     PAGES = {229},
      ISBN = {0-387-97329-X},
   MRCLASS = {11-01 (11-02)},
  MRNUMBER = {1070716},
MRREVIEWER = {Glenn Stevens},
       DOI = {10.1007/978-1-4757-2103-4},
       URL = {https://doi.org/10.1007/978-1-4757-2103-4},
}


@book{MathHandbook,
    TITLE = {Mathematics Handbook for Science and Engineering},
    AUTHOR = {Lennart Rade, Bertil Westergren},
      YEAR = {2013},
      NOTE = {5th edition, illustrated},
 PUBLISHER = {Springer Science and Business Media, 2013},
      ISSN = {3662085496, 9783662085493},
}



@thesis{MillerThesis,
	AUTHOR    = {Miller, Victor Saul},
	TITLE     = {D{IOPHANTINE} {AND} {P}-{ADIC} {ANALYSIS} {OF} {ELLIPTIC}
	{CURVES} {AND} {MODULAR} {FORMS}},
	NOTE      = {Thesis (Ph.D.)--Harvard University},
	PUBLISHER = {ProQuest LLC, Ann Arbor, MI},
	YEAR      = {1975},
	MRCLASS   = {Thesis},
	MRNUMBER  = {2940604},
	URL       =
	{http://gateway.proquest.com/openurl?url_ver=Z39.88-2004&rft_val_fmt=info:ofi/fmt:kev:mtx:dissertation&res_dat=xri:pqdiss&rft_dat=xri:pqdiss:0295447},
}

@misc {SL2Z,
        AUTHOR = {Keith Conrad},
         TITLE = {$\text{SL}_2(\mathbb{Z})$},
  HOWPUBLISHED = {[Online]},
	      YEAR = {2020},
	      NOTE = {Available from \url{https://kconrad.math.uconn.edu/blurbs/grouptheory/SL(2,Z).pdf}},
	       URL = {https://kconrad.math.uconn.edu/blurbs/grouptheory/SL(2,Z).pdf},
	OPTurldate = {03/02/2020},
}


@online{sage,
	ALTauthor = {https://www.sagemath.org/development-map.html},
	author = {SageMath Contributors},
	title = {SageMath},
	year = {2020},
	url = {https://www.sagemath.org/},
	howpublished = {Software tool},
	OPTsubtitle = {(official website)},
	OPTlanguage = {English},
	OPTversion = {9.0},
	OPTorganization = {SageMath Contributors},
	OPTurldate = {03/02/2020},
}



@book {AlgebraicNumberFields,
	AUTHOR = {Janusz, Gerald J.},
	TITLE = {Algebraic number fields},
	SERIES = {Graduate Studies in Mathematics},
	VOLUME = {7},
	EDITION = {Second},
	PUBLISHER = {American Mathematical Society, Providence, RI},
	YEAR = {1996},
	ISBN = {0-8218-0429-4},
	MRCLASS = {11Rxx (11-02 11R37)},
	MRNUMBER = {1362545},
	MRREVIEWER = {W. Narkiewicz},
}


@misc{IntoductionModularFormsWorkshop,
	ALTauthor = {Dipendra Prasad},
	author = {Sagar Shrivastava},
	title = {Introduction to Modular Forms},
	date = {5-14/01/2017},
	year = {2017},
	OPTsubtitle = {School and Workshop on Modular Forms and Black Holes},
	OPTtitleaddon = {National Institute of Science Education and Research},
	OPTlanguage = {English},
	OPThowpublished = {Online PDF},
	OPTtype = {Lectures},
	OPTorganization = {National Institute of Science Education and Research},
	OPTurl = {http://www.math.tifr.res.in/~dprasad/mf2.pdf},
	OPTurldate = {08/02/2020},
}


@online{ModularFormsWarwick,
	ALTauthor = {David Loeffler},
	title = {Modular Forms},
	author = {Peter Bruin and Sander Dahmen},
	date = {Spring 2016},
	year = {2016},
	url = {http://www.few.vu.nl/~sdn249/modularforms16/Notes.pdf},
	OPTlanguage = {English},
	OPTnote = {David Loefflerâ€™s course on modular forms taught at the University of Warwick in 2011},
	OPTorganization = {University of Warwick},
	OPTurldate = {08/02/2020},
}



@online{ModularFormsMcGill,
	title = {Modular forms and Galois representations mod p, and the nilpotent action of Hecke operators mod 2},
	author = {Mathilde Gerbelli-Gauthier},
	date = {May 20, 2014},
	year = {2014},
	url = {http://www.math.mcgill.ca/darmon/theses/gerbelli-gauthier/mathilde-gg.pdf},
	OPTlanguage = {English},
	OPTorganization = {McGill University},
	OPTurldate = {02/03/2020},
}


@book {ModularFormsComputationalApproach,
	AUTHOR = {Stein, William},
	TITLE = {Modular forms, a computational approach},
	SERIES = {Graduate Studies in Mathematics},
	VOLUME = {79},
	NOTE = {With an appendix by Paul E. Gunnells},
	PUBLISHER = {American Mathematical Society, Providence, RI},
	YEAR = {2007},
	PAGES = {xvi+268},
	ISBN = {978-0-8218-3960-7; 0-8218-3960-8},
	MRCLASS = {11F11 (11-01 11F67 11Y16 11Y35)},
	MRNUMBER = {2289048},
	MRREVIEWER = {Imin Chen},
	DOI = {10.1090/gsm/079},
	URL = {https://doi.org/10.1090/gsm/079},
}


@article {OrdreNilpotenceOperateurHecke,
	AUTHOR = {Nicolas, Jean-Louis and Serre, Jean-Pierre},
	TITLE = {Formes modulaires modulo 2: l'ordre de nilpotence des
	op\'{e}rateurs de {H}ecke},
	JOURNAL = {C. R. Math. Acad. Sci. Paris},
	FJOURNAL = {Comptes Rendus Math\'{e}matique. Acad\'{e}mie des Sciences. Paris},
	VOLUME = {350},
	YEAR = {2012},
	NUMBER = {7-8},
	PAGES = {343--348},
	ISSN = {1631-073X},
	MRCLASS = {11F25},
	MRNUMBER = {2922080},
	DOI = {10.1016/j.crma.2012.03.013},
	URL = {https://doi.org/10.1016/j.crma.2012.03.013},
}
@article {StructureAlgebreHecke,
	AUTHOR = {Nicolas, Jean-Louis and Serre, Jean-Pierre},
	TITLE = {Formes modulaires modulo 2: structure de l'alg\`ebre de {H}ecke},
	JOURNAL = {C. R. Math. Acad. Sci. Paris},
	FJOURNAL = {Comptes Rendus Math\'{e}matique. Acad\'{e}mie des Sciences. Paris},
	VOLUME = {350},
	YEAR = {2012},
	NUMBER = {9-10},
	PAGES = {449--454},
	ISSN = {1631-073X},
	MRCLASS = {11F25},
	MRNUMBER = {2929047},
	MRREVIEWER = {Dominic A. Lanphier},
	DOI = {10.1016/j.crma.2012.03.019},
	URL = {https://doi.org/10.1016/j.crma.2012.03.019},
}

@book {IntroductionToCyclotomicFields,
	AUTHOR = {Washington, Lawrence C.},
	TITLE = {Introduction to cyclotomic fields},
	SERIES = {Graduate Texts in Mathematics},
	VOLUME = {83},
	EDITION = {Second},
	PUBLISHER = {Springer-Verlag, New York},
	YEAR = {1997},
	PAGES = {xiv+487},
	ISBN = {0-387-94762-0},
	MRCLASS = {11R18 (11-01 11-02 11R23)},
	MRNUMBER = {1421575},
	MRREVIEWER = {T. Mets\"{a}nkyl\"{a}},
	DOI = {10.1007/978-1-4612-1934-7},
	URL = {https://doi.org/10.1007/978-1-4612-1934-7},
}



@article {EigenvaluesOfHeckeOperators,
	AUTHOR = {Hatada, Kazuyuki},
	TITLE = {Eigenvalues of {H}ecke operators on {${\rm SL}(2,\,{\bf Z})$}},
	JOURNAL = {Math. Ann.},
	FJOURNAL = {Mathematische Annalen},
	VOLUME = {239},
	YEAR = {1979},
	NUMBER = {1},
	PAGES = {75--96},
	ISSN = {0025-5831},
	MRCLASS = {10D15},
	MRNUMBER = {516060},
	MRREVIEWER = {Roy Fuller},
	DOI = {10.1007/BF01420494},
	URL = {https://doi.org/10.1007/BF01420494},
}

@book {TheWebOfModularityArithmeticOfTheCoefficientsOfModularForms,
	AUTHOR = {Ono, Ken},
	TITLE = {The web of modularity: arithmetic of the coefficients of
	modular forms and {$q$}-series},
	SERIES = {CBMS Regional Conference Series in Mathematics},
	VOLUME = {102},
	PUBLISHER = {Published for the Conference Board of the Mathematical
	Sciences, Washington, DC; by the American Mathematical
	Society, Providence, RI},
	YEAR = {2004},
	PAGES = {viii+216},
	ISBN = {0-8218-3368-5},
	MRCLASS = {11F30 (05A30 11F11 11F37)},
	MRNUMBER = {2020489},
	MRREVIEWER = {Kevin L. James},
}


@article {ChebotarevTheorem,
	AUTHOR = {Tschebotareff, N.},
	TITLE = {Die {B}estimmung der {D}ichtigkeit einer {M}enge von
	{P}rimzahlen, welche zu einer gegebenen {S}ubstitutionsklasse
	geh\"{o}ren},
	JOURNAL = {Math. Ann.},
	FJOURNAL = {Mathematische Annalen},
	VOLUME = {95},
	YEAR = {1926},
	NUMBER = {1},
	PAGES = {191--228},
	ISSN = {0025-5831},
	MRCLASS = {DML},
	MRNUMBER = {1512273},
	DOI = {10.1007/BF01206606},
	URL = {https://doi.org/10.1007/BF01206606},
}

